@techreport{dippel2010forced,
  title={Forced coexistence and economic development: evidence from Native American Reservations},
  author={Dippel, Christian},
  year={2010},
  institution={Working Paper. Department of Economics, University of Toronto}
}

@article{levin2002geographic,
  title={Geographic variation in cardiovascular disease risk factors among American Indians and comparisons with the corresponding state populations},
  author={Levin, S and Welch, VL Lamar and Bell, RA and Casper, ML},
  journal={Ethnicity and Health},
  volume={7},
  number={1},
  pages={57--67},
  year={2002},
  publisher={Taylor \& Francis}
}

@article{harwell2001cardiovascular,
  title={Cardiovascular disease and risk factors in Montana American Indians and non-Indians},
  author={Harwell, Todd S and Gohdes, Dorothy and Moore, Kelly and McDowall, Janet M and Smilie, Jane G and Helgerson, Steven D},
  journal={American journal of preventive medicine},
  volume={20},
  number={3},
  pages={196--201},
  year={2001},
  publisher={Elsevier}
}

@article{patel2013health,
  title={Health perceptions among urban American Indians with type II diabetes.},
  author={Patel, Sachin and Davila, Javier and Norman, D},
  journal={American Indian and Alaska native mental health research (Online)},
  volume={21},
  number={2},
  pages={28--42},
  year={2013}
}

@phdthesis{heiner2014demographic,
  title={Demographic and epidemiological changes on the Flathead Reservation 1887-1935},
  author={Heiner, Christina J},
  year={2014},
  school={UNIVERSITY OF MONTANA}
}

@article{patchell2014role,
  title={The Role of Traditional Foods in Diabetes Prevention and Management among Native Americans},
  author={Patchell, Beverly and Edwards, Karethy},
  journal={Current Nutrition Reports},
  pages={1--5},
  year={2014},
  publisher={Springer}
}

@article{beals2003racial,
  title={Racial disparities in alcohol use: Comparison of 2 American Indian reservation populations with national data},
  author={Beals, Janette and Spicer, Paul and Mitchell, Christina M and Novins, Douglas K and Manson, Spero M},
  journal={American Journal of Public Health},
  volume={93},
  number={10},
  pages={1683--1685},
  year={2003},
  publisher={American Public Health Association}
}

@article{may2005outcome,
  title={Outcome evaluation of a public health approach to suicide prevention in an American Indian tribal nation},
  author={May, Philip A and Serna, Patricia and Hurt, Lance and DeBruyn, Lemyra M},
  journal={American Journal of Public Health},
  volume={95},
  number={7},
  pages={1238},
  year={2005},
  publisher={American Public Health Association}
}

@article{watson2006public,
  title={Public health investments and the infant mortality gap: Evidence from federal sanitation interventions on US Indian reservations},
  author={Watson, Tara},
  journal={Journal of Public Economics},
  volume={90},
  number={8},
  pages={1537--1560},
  year={2006},
  publisher={Elsevier}
}

@article{jones2006persistence,
  title={The persistence of American Indian health disparities},
  author={Jones, David S},
  journal={American Journal of Public Health},
  volume={96},
  number={12},
  pages={2122},
  year={2006},
  publisher={American Public Health Association}
}

@article{mcguire2008new,
  title={New evidence regarding racial and ethnic disparities in mental health: policy implications},
  author={McGuire, Thomas G and Miranda, Jeanne},
  journal={Health Affairs},
  volume={27},
  number={2},
  pages={393--403},
  year={2008},
  publisher={Health Affairs}
}

